<record><leader>01278cas a22003137a 4500</leader><controlfield tag="001">008929792</controlfield><controlfield tag="003">MiAaHDL</controlfield><controlfield tag="005">20101005000000.0</controlfield><controlfield tag="006">m        d        </controlfield><controlfield tag="007">cr bn ---auaua</controlfield><controlfield tag="008">851008d19161941dcumr p      f0   a0eng d</controlfield><datafield tag="010" ind1=" " ind2=" "><subfield code="a">sn 85063415  </subfield></datafield><datafield tag="035" ind1=" " ind2=" "><subfield code="a">sdr-njp2470464</subfield></datafield><datafield tag="035" ind1=" " ind2=" "><subfield code="9">CLP5303TS</subfield></datafield><datafield tag="035" ind1=" " ind2=" "><subfield code="a">0001261027</subfield><subfield code="b">NYG</subfield></datafield><datafield tag="035" ind1=" " ind2=" "><subfield code="a">(OCoLC)12647266</subfield></datafield><datafield tag="040" ind1=" " ind2=" "><subfield code="a">NYG</subfield><subfield code="c">NYG</subfield><subfield code="d">OCL</subfield><subfield code="d">PUL</subfield></datafield><datafield tag="042" ind1=" " ind2=" "><subfield code="a">msc</subfield></datafield><datafield tag="092" ind1=" " ind2=" "><subfield code="a">332.11</subfield><subfield code="b">U494fp</subfield></datafield><datafield tag="212" ind1="0" ind2=" "><subfield code="a">Federal reserve inter district collection system</subfield></datafield><datafield tag="245" ind1="0" ind2="0"><subfield code="a">Federal reserve inter-district collection system /</subfield><subfield code="c">Federal Reserve Board.</subfield></datafield><datafield tag="260" ind1=" " ind2=" "><subfield code="a">Washington :</subfield><subfield code="b">G.P.O.,</subfield></datafield><datafield tag="300" ind1=" " ind2=" "><subfield code="a">v. ;</subfield><subfield code="c">25-28 cm.</subfield></datafield><datafield tag="310" ind1=" " ind2=" "><subfield code="a">Monthly</subfield></datafield><datafield tag="362" ind1="1" ind2=" "><subfield code="a">Began publication in 1916 and ceased with June 1941?</subfield></datafield><datafield tag="500" ind1=" " ind2=" "><subfield code="a">Description based on: June 1, 1917.</subfield></datafield><datafield tag="500" ind1=" " ind2=" "><subfield code="a">"Changes in list of banks upon which items will be received by federal reserve banks for collection and credit" (varies slightly).</subfield></datafield><datafield tag="538" ind1=" " ind2=" "><subfield code="a">Mode of access: Internet.</subfield></datafield><datafield tag="550" ind1=" " ind2=" "><subfield code="a">Issued 1916-1935 by the Federal Reserve Board; issued 1936-    by the Board of Governors of the Federal Reserve System.</subfield></datafield><datafield tag="580" ind1=" " ind2=" "><subfield code="a">Continued by: Federal reserve par list.</subfield></datafield><datafield tag="650" ind1=" " ind2="0"><subfield code="a">Federal Reserve banks</subfield><subfield code="v">Periodicals.</subfield></datafield><datafield tag="710" ind1="2" ind2=" "><subfield code="a">Board of Governors of the Federal Reserve System (U.S.)</subfield></datafield><datafield tag="710" ind1="1" ind2=" "><subfield code="a">United States.</subfield><subfield code="b">Federal Reserve Board.</subfield></datafield><datafield tag="785" ind1="1" ind2="0"><subfield code="t">Federal reserve par list</subfield></datafield><datafield tag="CID" ind1=" " ind2=" "><subfield code="a">008929792</subfield></datafield><datafield tag="DAT" ind1="0" ind2=" "><subfield code="b">20101005000000.0</subfield></datafield><datafield tag="DAT" ind1="1" ind2=" "><subfield code="a">20120815025701.0</subfield><subfield code="b">2020-11-24T18:43:20Z</subfield></datafield><datafield tag="CAT" ind1=" " ind2=" "><subfield code="a">SDR-NJP</subfield><subfield code="d">UNKNOWN</subfield><subfield code="l">loader.pl-001-001</subfield></datafield><datafield tag="FMT" ind1=" " ind2=" "><subfield code="a">SE</subfield></datafield><datafield tag="HOL" ind1=" " ind2=" "><subfield code="0">sdr-njp2470464</subfield><subfield code="a">njp</subfield><subfield code="b">SDR</subfield><subfield code="c">NJP</subfield><subfield code="p">njp.32101066807213</subfield><subfield code="s">NJP</subfield><subfield code="z">1920-21</subfield><subfield code="1">2470464</subfield></datafield><datafield tag="974" ind1=" " ind2=" "><subfield code="b">NJP</subfield><subfield code="c">NJP</subfield><subfield code="d">20201124</subfield><subfield code="s">google</subfield><subfield code="u">njp.32101066807213</subfield><subfield code="z">1920-21</subfield><subfield code="y">1921</subfield><subfield code="r">pd</subfield><subfield code="q">bib</subfield><subfield code="t">US fed doc--federal reserve: pubdate &lt; 1927</subfield></datafield><datafield tag="974" ind1=" " ind2=" "><subfield code="b">NJP</subfield><subfield code="c">NJP</subfield><subfield code="d">20200214</subfield><subfield code="s">google</subfield><subfield code="u">njp.32101066807221</subfield><subfield code="z">1919</subfield><subfield code="y">1919</subfield><subfield code="r">pd</subfield><subfield code="q">bib</subfield><subfield code="t">US fed doc--federal reserve: pubdate &lt; 1927</subfield></datafield><datafield tag="974" ind1=" " ind2=" "><subfield code="b">NJP</subfield><subfield code="c">NJP</subfield><subfield code="d">20201124</subfield><subfield code="s">google</subfield><subfield code="u">njp.32101066807239</subfield><subfield code="z">1918</subfield><subfield code="y">1918</subfield><subfield code="r">pd</subfield><subfield code="q">bib</subfield><subfield code="t">US fed doc--federal reserve: pubdate &lt; 1927</subfield></datafield><datafield tag="974" ind1=" " ind2=" "><subfield code="b">NJP</subfield><subfield code="c">NJP</subfield><subfield code="d">20201124</subfield><subfield code="s">google</subfield><subfield code="u">njp.32101066807247</subfield><subfield code="z">1917</subfield><subfield code="y">1917</subfield><subfield code="r">pd</subfield><subfield code="q">bib</subfield><subfield code="t">US fed doc--federal reserve: pubdate &lt; 1927</subfield></datafield><datafield tag="974" ind1=" " ind2=" "><subfield code="b">NJP</subfield><subfield code="c">NJP</subfield><subfield code="d">20201124</subfield><subfield code="s">google</subfield><subfield code="u">njp.32101066807254</subfield><subfield code="z">1916</subfield><subfield code="y">1916</subfield><subfield code="r">pd</subfield><subfield code="q">bib</subfield><subfield code="t">US fed doc--federal reserve: pubdate &lt; 1927</subfield></datafield></record>